% use `texdoc biblatex` to get help
@www{zjuthesisrules,
    title = {浙江大学本科生毕业论文（设计）编写规则},
    author = {浙江大学本科生院},
    year = {2018},
    url = {http://bksy.zju.edu.cn/attachments/2018-01/01-1517384518-1149149.pdf},
}
@www{tikz,
    title = {tikz宏包},
    author = {Till Tantau},
    year = {2018},
    url = {https://sourceforge.net/projects/pgf/},
}
@www{zjuthesis,
    title = {浙江大学毕业设计/论文模板},
    author = {王子轩},
    year = {2019},
    url = {https://github.com/TheNetAdmin/zjuthesis},
}
@www{zjugradthesisrules,
    title = {浙江大学研究生学位论文编写规则},
    author = {浙江大学研究生院},
    year = {2008},
    url = {http://grs.zju.edu.cn/redir.php?catalog_id=10038&object_id=12877},
}

@book{courant2008methods,
  title={Methods of Mathematical Physics: Partial Differential Equations},
  author={Courant, Richard and Hilbert, David},
  year={2008},
  publisher={John Wiley \& Sons}
}

@article{colbert1992novel,
  title={A novel discrete variable representation for quantum mechanical reactive scattering via the S-matrix Kohn method},
  author={Colbert, Daniel T and Miller, William H},
  journal={The Journal of chemical physics},
  volume={96},
  number={3},
  pages={1982--1991},
  year={1992},
  publisher={AIP}
}

@article{hanasaki2018efficient,
  title={An efficient approximate algorithm for nonadiabatic molecular dynamics},
  author={Hanasaki, Kota and Kanno, Manabu and Niehaus, Thomas A and Kono, Hirohiko},
  journal={The Journal of chemical physics},
  volume={149},
  number={24},
  pages={244117},
  year={2018},
  publisher={AIP Publishing}
}

@article{osborn1994moyal,
  title={Moyal quantum mechanics: the semiclassical Heisenberg dynamics},
  author={Osborn, Tr A and Molzahn, and FH},
  journal={arXiv preprint hep-th/9409120},
  year={1994}
}

@article{heller1976wigner,
  title={Wigner phase space method: Analysis for semiclassical applications},
  author={Heller, Eric J},
  journal={The Journal of Chemical Physics},
  volume={65},
  number={4},
  pages={1289--1298},
  year={1976},
  publisher={AIP}
}

@article{doi:10.1063/1.1290288,
author = {Prezhdo,Oleg V.  and Pereverzev,Yu. V. },
title = {Quantized Hamilton dynamics},
journal = {The Journal of Chemical Physics},
volume = {113},
number = {16},
pages = {6557-6565},
year = {2000},
doi = {10.1063/1.1290288},

URL = { 
        https://doi.org/10.1063/1.1290288
    
},
eprint = { 
        https://doi.org/10.1063/1.1290288
    
}

}

@article{GALETTI1988267,
title = "An extended Weyl-Wigner transformation for special finite spaces",
journal = "Physica A: Statistical Mechanics and its Applications",
volume = "149",
number = "1",
pages = "267 - 282",
year = "1988",
issn = "0378-4371",
doi = "https://doi.org/10.1016/0378-4371(88)90219-1",
url = "http://www.sciencedirect.com/science/article/pii/0378437188902191",
author = "D. Galetti and A.F.R. de Toledo Piza",
abstract = "We extend the Weyl-Wigner transformation to those particular degrees of freedom described by a finite number of states using a technique of constructing operator bases developed by Schwinger. Discrete transformation kernels are presented instead of continuous coordinate-momentum pair system and systems such as the one-dimensional canonical continuous coordinate-momentum pair system and the two-dimensional rotation system are described by special limits. Expressions are explicitly given for the spin one-half case."
}

@incollection{wigner1997quantum,
  title={On the quantum correction for thermodynamic equilibrium},
  author={Wigner, Eugene P},
  booktitle={Part I: Physical Chemistry. Part II: Solid State Physics},
  pages={110--120},
  year={1997},
  publisher={Springer}
}

@article{LinjunSemiclassical,
author = {Shen,Yifan  and Wang,Linjun },
title = {Semiclassical Moyal dynamics},
journal = {The Journal of Chemical Physics},
volume = {149},
number = {24},
pages = {244113},
year = {2018},
doi = {10.1063/1.5067005},

URL = { 
        https://doi.org/10.1063/1.5067005
    
},
eprint = { 
        https://doi.org/10.1063/1.5067005
    
}

}
